<record><leader>00000cas a2200000Ka 4500</leader><controlfield tag="001">844084236</controlfield><controlfield tag="007">hd uuu---uuuu</controlfield><controlfield tag="008">130522d182218uunhuer nea     0    0eng d</controlfield><datafield ind1=" " ind2=" " tag="010"><subfield code="a">sn 84023436 </subfield></datafield><datafield ind1=" " ind2=" " tag="040"><subfield code="a">QWX</subfield><subfield code="c">QWX</subfield><subfield code="d">OCLCO</subfield></datafield><datafield ind1="0" ind2="0" tag="245"><subfield code="a">Portsmouth morning chronicle</subfield><subfield code="h">[microform].</subfield></datafield><datafield ind1=" " ind2=" " tag="260"><subfield code="a">Portsmouth, N.H. :</subfield><subfield code="b">T.H. Miller.</subfield></datafield><datafield ind1=" " ind2=" " tag="300"><subfield code="a">v. ;</subfield><subfield code="c">cm.</subfield></datafield><datafield ind1=" " ind2=" " tag="310"><subfield code="a">Biweekly</subfield></datafield><datafield ind1="1" ind2=" " tag="362"><subfield code="a">Began in June 1822?.</subfield><subfield code="z">Cf. Amer. newspapers, 1821-1936.</subfield></datafield><datafield ind1=" " ind2=" " tag="533"><subfield code="a">Microfilm.</subfield></datafield><datafield ind1=" " ind2="0" tag="651"><subfield code="a">Portsmouth (N.H.)</subfield><subfield code="v">Newspapers.</subfield></datafield><datafield ind1=" " ind2=" " tag="752"><subfield code="a">United States</subfield><subfield code="b">New Hampshire</subfield><subfield code="c">Rockingham</subfield><subfield code="d">Portsmouth.</subfield></datafield></record>